


@article{BH+19,
 author = {van Batenburg, W. C. and Huyn, T. and Joret, G. and Raymond, J.},
 title = {A Tight {E}rd{\"o}s--{P}{\'o}sa Function for Planar Minors},
 booktitle = {Proceedings of the Thirtieth Annual ACM-SIAM Symposium on Discrete Algorithms},
 series = {SODA '19},
 year = {2019},
 pages = {1485--1500},
 numpages = {16},
}

@inproceedings{FJP10,
  title={Hitting diamonds and growing cacti},
  author={Fiorini, S. and Joret, G. and Pietropaoli, U.},
  booktitle={International Conference on Integer Programming and Combinatorial Optimization},
  pages={191--204},
  year={2010},
}

@article{Mo94,
  title={Existence and explicit constructions of q+ 1 regular Ramanujan graphs for every prime power q},
  author={Morgenstern, M.},
  journal={Journal of Combinatorial Theory, Series B},
  volume={62},
  number={1},
  pages={44--62},
  year={1994},
}

@article{FST11,
  title={Strengthening {E}rd{\"o}s--{P}{\'o}sa property for minor-closed graph classes},
  author={Fomin, F. and Saurabh, S. and Thilikos, D.},
  journal={Journal of Graph Theory},
  volume={66},
  number={3},
  pages={235--240},
  year={2011},
  publisher={Wiley Online Library}
}

@article{JV13,
  title={Light subgraphs of graphs embedded in the planeâ€”a survey},
  author={Jendrol, S and Voss, H-J},
  journal={Discrete Mathematics},
  volume={313},
  number={4},
  pages={406--421},
  year={2013},
  publisher={Elsevier}
}